@article{DBLP:journals/corr/BertinettoVHVT16,
	author    = {Luca Bertinetto and
	Jack Valmadre and
	Jo{\~{a}}o F. Henriques and
	Andrea Vedaldi and
	Philip H. S. Torr},
	title     = {Fully-Convolutional Siamese Networks for Object Tracking},
	journal   = {CoRR},
	volume    = {abs/1606.09549},
	year      = {2016},
	url       = {http://arxiv.org/abs/1606.09549},
	archivePrefix = {arXiv},
	eprint    = {1606.09549},
	timestamp = {Mon, 13 Aug 2018 16:47:26 +0200},
	biburl    = {https://dblp.org/rec/bib/journals/corr/BertinettoVHVT16},
	bibsource = {dblp computer science bibliography, https://dblp.org}
}

